<?xml version="1.0" encoding="UTF-8"?><collection xmlns="http://www.loc.gov/MARC21/slim"><record><leader>00397nam--2200133-i-4500</leader><controlfield tag="001">000043536</controlfield><controlfield tag="002">20161230</controlfield><controlfield tag="005">20161230201044</controlfield><controlfield tag="008">060222s1000------------r-----000-0-eng-d</controlfield><datafield ind1=" " ind2=" " tag="080"><subfield code="a">541.13(043)</subfield></datafield><datafield ind1=" " ind2=" " tag="100"><subfield code="a">Tadjeddine,Abderrahnane</subfield></datafield><datafield ind1=" " ind2=" " tag="245"><subfield code="a">Etude de l`interphase electrode solide-electrolyte par ellipsonetrie et excitation optique.... these</subfield></datafield><datafield ind1=" " ind2=" " tag="260"><subfield code="a">Paris, Univ.,1976. 111 P</subfield></datafield><datafield ind1=" " ind2=" " tag="852"><subfield code="a">48442</subfield></datafield></record></collection>